<record><leader>00000cas a2200000Ma 4500</leader><controlfield tag="001">10828504</controlfield><controlfield tag="008">840611d17951795nhuwr ne      0    0eng d</controlfield><datafield ind1=" " ind2=" " tag="010"><subfield code="a">sn 84023333 </subfield></datafield><datafield ind1=" " ind2=" " tag="040"><subfield code="a">AQM</subfield><subfield code="b">eng</subfield><subfield code="c">AQM</subfield><subfield code="d">OCLCG</subfield><subfield code="d">OCLCQ</subfield><subfield code="d">Z5U</subfield><subfield code="d">OCLCA</subfield></datafield><datafield ind1="1" ind2=" " tag="029"><subfield code="a">AU@</subfield><subfield code="b">000025822702</subfield></datafield><datafield ind1="0" ind2="0" tag="050"><subfield code="a">NA4125</subfield><subfield code="b">.P4813 2005</subfield></datafield><datafield ind1="0" ind2=" " tag="130"><subfield code="a">Sun (Dover, N.H.)</subfield></datafield><datafield ind1="1" ind2="4" tag="245"><subfield code="a">The Sun.</subfield></datafield><datafield ind1=" " ind2=" " tag="260"><subfield code="a">Dover [N.H.] :</subfield><subfield code="b">Printed by Samuel Bragg</subfield></datafield><datafield ind1=" " ind2=" " tag="300"><subfield code="a">v.</subfield></datafield><datafield ind1=" " ind2=" " tag="310"><subfield code="a">Weekly</subfield></datafield><datafield ind1="1" ind2=" " tag="362"><subfield code="a">Began with Sept. 5, 1795 issue; ceased in Nov. 1795.</subfield><subfield code="z">Cf. Brigham, C.S. Amer. newspapers.</subfield></datafield><datafield ind1="4" ind2=" " tag="510"><subfield code="a">Evans</subfield><subfield code="c">29592</subfield></datafield><datafield ind1="4" ind2=" " tag="510"><subfield code="a">Brigham, C.S. Amer. newspapers,</subfield><subfield code="c">p. 449</subfield></datafield><datafield ind1=" " ind2=" " tag="588"><subfield code="a">Description based on: Vol. 1, no. 6 (Oct. 10, 1795).</subfield></datafield><datafield ind1=" " ind2="7" tag="655"><subfield code="a">Newspapers.</subfield><subfield code="2">rbgenr</subfield></datafield><datafield ind1="1" ind2=" " tag="700"><subfield code="a">Bragg, Samuel,</subfield><subfield code="d">-1811,</subfield><subfield code="e">printer.</subfield></datafield><datafield ind1=" " ind2=" " tag="752"><subfield code="a">United States</subfield><subfield code="b">New Hampshire</subfield><subfield code="c">Strafford</subfield><subfield code="d">Dover.</subfield></datafield><datafield ind1="0" ind2="0" tag="780"><subfield code="t">Phoenix (Dover, N.H.)</subfield><subfield code="w">(DLC)sn 84023045</subfield></datafield><datafield ind1="0" ind2="0" tag="785"><subfield code="t">Sun. Dover gazette, and county advertiser</subfield><subfield code="w">(DLC)sn 84023046</subfield></datafield></record>